% Examples
% You can delete everything here
@misc{name_for_cite,
  title = {Full styled cite}
}
 
% @misc{juniper, title = {Juniper Networks стал лидером Gartner по ЦОД [Электронный ресурс]: \url{https://www.marvel.ru/catalog/vendors/juniper/}. -- (дата обращения 02.06.2022)} }
% @misc{aero_mission, title = {Арпентьева, М. Р. Миссия аэрокосмической инженерии: классическое и современное понимание / М. Р. Арпентьева // Труды института бизнес-коммуникаций : Научное издание / Под общей редакцией М.Э. Вильчинской-Бутенко. – Санкт-Петербург : Санкт-Петербургский государственный университет промышленных технологий и дизайна, 2018. – С. 5-12.}}
% @misc{foresight, title = {Аль-Дарабсе А. М. Ф., Маркова Е. В. Реализация концепции программы автоматизации управленческого учёта // Актуальные проблемы финансов глазами молодёжи: Материалы III Всероссийской студенческой научно-практической конференции. - 2017. - С. 31-33.}}
% @misc{Lai202244, title = {Lai, A. and Jia, J. and Zhou, Z. and Xu, X. and Lim, C.W. Homotopic analysis for post-buckling of cylindrical shells with local thickness defects // Acta Astronautica. Vol 193. - 2022. - С. 44-55.} }
